<?xml version="1.0" encoding="UTF-8"?><collection><record><leader>06350ntm a2200625 a 4500</leader><controlfield tag="001">006818822</controlfield><controlfield tag="003">MiAaHDL</controlfield><controlfield tag="005">20190719000000.0</controlfield><controlfield tag="006">m        d        </controlfield><controlfield tag="007">cr bn ---auaua</controlfield><controlfield tag="008">090615q17601761xx            00| ||ota d</controlfield><datafield tag="035" ind1=" " ind2=" "><subfield code="a">(MiU)006818822</subfield></datafield><datafield tag="035" ind1=" " ind2=" "><subfield code="a">sdr-miu006818822</subfield></datafield><datafield tag="040" ind1=" " ind2=" "><subfield code="a">MiU</subfield><subfield code="c">MiU</subfield><subfield code="e">amremm</subfield></datafield><datafield tag="041" ind1="0" ind2=" "><subfield code="a">ota</subfield></datafield><datafield tag="043" ind1=" " ind2=" "><subfield code="a">n-us-mi</subfield></datafield><datafield tag="100" ind1="0" ind2=" "><subfield code="6">880-01</subfield><subfield code="a">Kâtip Çelebi,</subfield><subfield code="d">1609-1657.</subfield></datafield><datafield tag="245" ind1="1" ind2="0"><subfield code="6">880-03</subfield><subfield code="a">Mizanü'l-hak fî ihtiyari'l-ahak,</subfield><subfield code="f">[1174, i.e. 1761?].</subfield></datafield><datafield tag="246" ind1="3" ind2=" "><subfield code="a">Mizan ül-hakk</subfield></datafield><datafield tag="246" ind1="3" ind2=" "><subfield code="a">Mīzān al-ḥaqq fī ikhtiyār al-aḥaqq</subfield></datafield><datafield tag="246" ind1="3" ind2=" "><subfield code="6">880-04</subfield><subfield code="i">Title from inscription on 'title page' (p.1):</subfield><subfield code="a">كتاب ميزان الحق</subfield></datafield><datafield tag="260" ind1=" " ind2=" "><subfield code="c">[1761?].</subfield></datafield><datafield tag="300" ind1=" " ind2=" "><subfield code="a">56 leaves :</subfield><subfield code="b">paper ;</subfield><subfield code="c">193 x 110 (109 x 47) mm.</subfield></datafield><datafield tag="500" ind1=" " ind2=" "><subfield code="a">Shelfmark: Ann Arbor, University of Michigan, Special Collections Library, Isl. Ms. 371</subfield></datafield><datafield tag="500" ind1=" " ind2=" "><subfield code="a">Origin: As appears at close on p.108, transcription completed Jumādá II [?] 1174 [January-February? 1761].</subfield></datafield><datafield tag="500" ind1=" " ind2=" "><subfield code="a">Former shelfmark: "425 [?] T. De M. [i.e. Tammaro De Marinis]" inscribed in pencil on 'title page' (p.1).</subfield></datafield><datafield tag="500" ind1=" " ind2=" "><subfield code="a">Binding: Pasteboards covered in light brown leather ; Type II binding (with flap) ; board linings in marbled paper (in light and dark blue, light and dark pink, and dark green) ; upper and lower covers carry lozenge-shaped central ornament filled with gold-tooled vegetal composition, accompanied by tooled rosettes and gold-painted accents as well as guilloché roll border in gold ; design continues on envelope flap ; sewn in light red thread, two stations ; worked chevron endbands in spring green and pale pink [?], tailband damaged ; overall in fair condition with minor abrasion, staining, lifting of leather, detaching at spine (revealing spine lining in leather with primaries sewn through),etc.</subfield></datafield><datafield tag="500" ind1=" " ind2=" "><subfield code="a">Support: non-European (likely Persian) laid paper with 9-10 laid lines per cm. (vertical or horizontal, fairly distinct) and no chain lines plainly visible, thin, crisp and transluscent though sturdy, well-burnished, some leaves tinted (brown, yellow, beige, pale pink) and or gold-flecked ; a few bifolia of European laid paper.</subfield></datafield><datafield tag="500" ind1=" " ind2=" "><subfield code="a">Decoration: Elegant illuminated headpiece (ʻunwān / sarlawḥ) at opening on p.2 consisting of scalloped w-shaped piece filled with swirling arabesques and floral motifs (in gold, red, blue, pink, white) around an empty gold cartouche, set in a well of gold bands flanking a band of red and a heavy band of interlace and surmounted by elaborate vertical stalks (tīgh) in red and blue ; incipit page silver-flecked ; written area throughout bordered in a heavy gold frame defined by black fillets and outermost red rule ; keywords and section headings rubricated ; illuminated tailpiece anchoring text at close on p.108 consisting of swirling floral vegetal composition in gold, pink and red with blue chī clouds and border.</subfield></datafield><datafield tag="500" ind1=" " ind2=" "><subfield code="a">Script: Nastaʻlīq (talik) ; elegant Ottoman hand ; serifless, with slight effect of words descending to baseline, mainly closed counters, elongation of horizontal strokes.</subfield></datafield><datafield tag="500" ind1=" " ind2=" "><subfield code="a">Layout: Written in 21 lines per page ; frame-ruled.</subfield></datafield><datafield tag="500" ind1=" " ind2=" "><subfield code="a">Collation: i, 5 V(50), III (56), i ; almost exclusively quinions (with final ternion) ; final leaf left blank ; catchwords present ; pagination in pencil, Western numerals, supplied during digitization (skips two pages between pp.75-76).</subfield></datafield><datafield tag="500" ind1=" " ind2=" "><subfield code="a">Colophon: "ح م سنه ١١٧٤ ج"</subfield></datafield><datafield tag="500" ind1=" " ind2=" "><subfield code="a">Explicit: "جخى كلام بونكله انجامه ايروب رساله تمام اولدى حق سبحانه و تعالى جمله مزه حسن خاتمه ميسر ايدوب طريق برهان رضاى رحماندن آيرميه بمنه وكرمه ولطفه"</subfield></datafield><datafield tag="500" ind1=" " ind2=" "><subfield code="a">Incipit: "الحمد لله الذي جعل العقل حجة في خلقه وايد الشرع به فيما يفرق بين الباطل وحقه ... وبعد اول آفرينشدن برو ميان ارباب وانشده عقل ايله نقل توامان ومعقول ومنقول فرسى رهان ايدكى ... اكه بناء نزاع اولنان مسئله لرده طريق برهانى بيان ايچون ... ورق تسويد اولنوب نامنه ميزان الحق فى اختيار الاحق دينلدى ..."</subfield></datafield><datafield tag="500" ind1=" " ind2=" "><subfield code="a">Title from opening matter on pp.2-3.</subfield></datafield><datafield tag="500" ind1=" " ind2=" "><subfield code="a">Ms. codex.</subfield></datafield><datafield tag="510" ind1="4" ind2=" "><subfield code="a">Cat. Turk. MSS. Brit. Mus.,</subfield><subfield code="c">p.254</subfield></datafield><datafield tag="520" ind1="8" ind2=" "><subfield code="a">Elegant copy of Kâtip Çelebi's final work (composed in 1067/1656), addressing controversial questions of doctrine or practice with proposed solutions, and closing with an autobiographical account of his life and works (khātimah / hatime, beginning on p.91).</subfield></datafield><datafield tag="538" ind1=" " ind2=" "><subfield code="a">Mode of access: Internet.</subfield></datafield><datafield tag="541" ind1=" " ind2=" "><subfield code="c">Purchase ;</subfield><subfield code="a">Acquired by purchase (funds donated by Horace Rackham).</subfield><subfield code="d">1924.</subfield></datafield><datafield tag="546" ind1=" " ind2=" "><subfield code="a">Ottoman Turkish.</subfield></datafield><datafield tag="561" ind1=" " ind2=" "><subfield code="a">Ownership statement on 'title page' (p.1) in name of Tahir Efendizade Mehmet Asım (طاهر افندى زاده محمد عاصم / Ṭāhir Afandīʻzādah Muḥammad ʻĀṣim) ; also on 'title page' (p.1) effaced statement and oval seal impression in name of one Mustafa Reşit ( Muṣṭafá Rashīd / السيد مصطفى رشيد ) likely son of the grand vezir Mehmet Emin Âli Paşa (d.1871), compare statements (some dated 1286 [1870]) and seal impressions in other manuscripts, including Isl. Ms. 226 and Isl. Ms. 389, along with Isl. Ms. 308, Isl. Ms. 399 and Isl. Ms. 409; occasional marginal corrections.</subfield></datafield><datafield tag="650" ind1=" " ind2="0"><subfield code="a">Manuscripts, Turkish</subfield><subfield code="z">Michigan</subfield><subfield code="z">Ann Arbor.</subfield></datafield><datafield tag="650" ind1=" " ind2="0"><subfield code="a">Islamic ethics</subfield><subfield code="v">Early works to 1800.</subfield></datafield><datafield tag="650" ind1=" " ind2="0"><subfield code="a">Muslims</subfield><subfield code="x">Conduct of life</subfield><subfield code="v">Early works to 1800.</subfield></datafield><datafield tag="650" ind1=" " ind2="0"><subfield code="a">Islam</subfield><subfield code="x">Doctrines</subfield><subfield code="v">Early works to 1800.</subfield></datafield><datafield tag="655" ind1=" " ind2="7"><subfield code="a">Headpieces (layout features)</subfield><subfield code="y">18th century.</subfield><subfield code="2">aat</subfield></datafield><datafield tag="700" ind1="0" ind2=" "><subfield code="a">Abdülhamid</subfield><subfield code="b">II,</subfield><subfield code="c">Sultan of the Turks,</subfield><subfield code="d">1842-1918,</subfield><subfield code="e">former owner.</subfield></datafield><datafield tag="700" ind1="0" ind2=" "><subfield code="6">880-07</subfield><subfield code="a">Mustafa Reşit,</subfield><subfield code="d">fl. 1870,</subfield><subfield code="e">former owner.</subfield></datafield><datafield tag="773" ind1="0" ind2=" "><subfield code="a">Abdul Hamid Collection.</subfield></datafield><datafield tag="880" ind1="0" ind2=" "><subfield code="6">700-07/</subfield><subfield code="a">مصطفى رشيد,</subfield><subfield code="e">مالك سابق.</subfield></datafield><datafield tag="880" ind1="3" ind2=" "><subfield code="6">246-04/</subfield><subfield code="a">Kitab-i Mizanü'l-hak</subfield></datafield><datafield tag="880" ind1="1" ind2="0"><subfield code="6">245-03/</subfield><subfield code="a">ميزان الحق فى اختيار الاحق,</subfield><subfield code="f">[1174ه، 1761م؟].</subfield></datafield><datafield tag="880" ind1="0" ind2=" "><subfield code="6">100-01/</subfield><subfield code="a">كاتب جلبي.</subfield></datafield><datafield tag="CID" ind1=" " ind2=" "><subfield code="a">006818822</subfield></datafield><datafield tag="DAT" ind1="0" ind2=" "><subfield code="a">20190719102639.0</subfield><subfield code="b">20190719000000.0</subfield></datafield><datafield tag="DAT" ind1="1" ind2=" "><subfield code="a">20190719090653.0</subfield><subfield code="b">2019-07-19T16:10:58Z</subfield></datafield><datafield tag="DAT" ind1="2" ind2=" "><subfield code="a">2015-10-02T18:00:03Z</subfield></datafield><datafield tag="CAT" ind1=" " ind2=" "><subfield code="a">SDR-MIU</subfield><subfield code="d">EX LIBRIS - ALEPH</subfield><subfield code="l">prepare.pl-004-008</subfield></datafield><datafield tag="FMT" ind1=" " ind2=" "><subfield code="a">BK</subfield></datafield><datafield tag="HOL" ind1=" " ind2=" "><subfield code="0">sdr-miu006818822</subfield><subfield code="a">MiU</subfield><subfield code="b">SDR</subfield><subfield code="c">MIU</subfield><subfield code="p">mdp.39015079130111</subfield><subfield code="s">MIU</subfield><subfield code="1">006818822</subfield></datafield><datafield tag="974" ind1=" " ind2=" "><subfield code="b">MIU</subfield><subfield code="c">MIU</subfield><subfield code="d">20190719</subfield><subfield code="s">lit-dlps-dc</subfield><subfield code="u">mdp.39015079130111</subfield><subfield code="y">1761</subfield><subfield code="r">pd</subfield><subfield code="q">bib</subfield><subfield code="t">non-US bib date2 &lt; 1896</subfield></datafield></record></collection>